<?xml version="1.0" encoding="UTF-8"?><collection xmlns="http://www.loc.gov/MARC21/slim"><record><leader>00641nam--2200181-i-4500</leader><controlfield tag="001">000004873</controlfield><controlfield tag="002">20161230</controlfield><controlfield tag="005">20161230201026</controlfield><controlfield tag="008">060222s1000------------r-----000-0-eng-d</controlfield><datafield ind1=" " ind2=" " tag="040"><subfield code="a">IFIN-HH</subfield></datafield><datafield ind1=" " ind2=" " tag="080"><subfield code="a">57.311.33</subfield></datafield><datafield ind1="1" ind2=" " tag="100"><subfield code="a">Brooks, H</subfield></datafield><datafield ind1="1" ind2="0" tag="245"><subfield code="a">Advances in semi-conductor science</subfield><subfield code="b">The proceedings of the third international conference on semi-conductors held at the university of rochester, u.s.a., august 18-22. conference chairman: j. bardeen</subfield><subfield code="c">H. brooks (general editor)</subfield></datafield><datafield ind1=" " ind2=" " tag="260"><subfield code="a">London</subfield><subfield code="b">Pergamon Press</subfield><subfield code="c">1959</subfield></datafield><datafield ind1=" " ind2=" " tag="300"><subfield code="a">IX + 553 P</subfield></datafield><datafield ind1=" " ind2=" " tag="490"><subfield code="a">Proceedings</subfield></datafield><datafield ind1=" " ind2=" " tag="852"><subfield code="a">14784</subfield><subfield code="c">537.311.33</subfield></datafield><datafield ind1=" " ind2=" " tag="CAT"><subfield code="a">Sys</subfield><subfield code="c">20110718</subfield><subfield code="h">150026</subfield></datafield></record></collection>